% Bibliography of key references for "LaTeX for Thesis and Large Documents"
% For use with BibTeX

@book{goossens.book,
	author =	"Michel Goossens and Frank Mittelbach and 
			 Alexander Samarin",
	title =		"The \LaTeX\ Companion",
	year = 		"1994",
	publisher =	"Addison-Wesley",
	address = 	"Reading, Massachusetts"
}

@book{knuth.book,
        author =        "Donald Knuth",
        title =         "The \TeX book",
        year =          "1986",
        publisher =     "Addison-Wesley",
        address =       "Reading, Massachusetts"
}

@book{lamport.book,
	author =        "Leslie Lamport",
	title =         "\LaTeX\ --- A Document Preparation System",
        edition =       "Second",
	year = 		"1994",
	publisher = 	"Addison-Wesley",
	address =       "Reading, Massachusetts"
}

% delete everything above this before submission

@book{lamport-spec-sys.book,
	author =        "Leslie Lamport",
	title =         "Specifying Systems: The TLA+ Language and Tools for Hardware and Software Engineers",
        edition =       "Second",
	year = 		"2002",
	publisher = 	"Addison-Wesley",
	address =       "Boston, MA, United States"
}


@book{jackson-software.book,
	author =        "Daniel Jackson",
	title =         "Software Abstractions: Logic, Language, and Analysis",
        edition =       "Revised",
	year = 		"2016",
	publisher = 	"The MIT Press"
}
